@article{liu2011false,
  title={False data injection attacks against state estimation in electric power grids},
  author={Liu, Yao and Ning, Peng and Reiter, Michael K},
  journal={ACM Transactions on Information and System Security (TISSEC)},
  volume={14},
  number={1},
  pages={13},
  year={2011},
  publisher={ACM}
}
@inproceedings{bobba2010detecting,
  title={Detecting false data injection attacks on dc state estimation},
  author={Bobba, Rakesh B and Rogers, Katherine M and Wang, Qiyan and Khurana, Himanshu and Nahrstedt, Klara and Overbye, Thomas J},
  booktitle={Preprints of the First Workshop on Secure Control Systems, CPSWEEK},
  volume={2010},
  year={2010}
}
